<record><leader>00000cas a22000007a 4500</leader><controlfield tag="001">10193465</controlfield><controlfield tag="008">831206d18861900ksuwr ne      0   a0eng d</controlfield><datafield ind1=" " ind2=" " tag="010"><subfield code="a">sn 83040986 </subfield></datafield><datafield ind1=" " ind2=" " tag="040"><subfield code="a">KSH</subfield><subfield code="b">eng</subfield><subfield code="c">KSH</subfield><subfield code="d">NPT</subfield><subfield code="d">OCLCQ</subfield></datafield><datafield ind1=" " ind2=" " tag="042"><subfield code="a">msc</subfield></datafield><datafield ind1=" " ind2=" " tag="043"><subfield code="a">n-us-ks</subfield></datafield><datafield ind1="0" ind2="0" tag="245"><subfield code="a">Concordia daylight.</subfield></datafield><datafield ind1="3" ind2="0" tag="246"><subfield code="a">Concordia weekly daylight</subfield></datafield><datafield ind1="3" ind2="0" tag="246"><subfield code="a">Daylight</subfield></datafield><datafield ind1="3" ind2="0" tag="246"><subfield code="a">Weekly daylight</subfield></datafield><datafield ind1=" " ind2=" " tag="260"><subfield code="a">Concordia, Kan. :</subfield><subfield code="b">W.N. Dunning,</subfield><subfield code="c">1886-1900.</subfield></datafield><datafield ind1=" " ind2=" " tag="300"><subfield code="a">14 v. ;</subfield><subfield code="c">50-64 cm.</subfield></datafield><datafield ind1=" " ind2=" " tag="310"><subfield code="a">Weekly</subfield></datafield><datafield ind1="0" ind2=" " tag="362"><subfield code="a">Vol. 2, no. 12 (Nov. 30, 1886)-v. 15, no. 24 (Jan. 25, 1900).</subfield></datafield><datafield ind1=" " ind2=" " tag="500"><subfield code="a">Published as Concordia weeky daylight, Aug. 16, 1887-June 5, 1888; Daylight, June 12-Oct. 30, 1888; Weekly daylight, Nov. 6, 1888-Feb. 12, 1889.</subfield></datafield><datafield ind1=" " ind2=" " tag="500"><subfield code="a">Publisher varies.</subfield></datafield><datafield ind1=" " ind2=" " tag="752"><subfield code="a">United States</subfield><subfield code="b">Kansas</subfield><subfield code="c">Cloud</subfield><subfield code="d">Concordia.</subfield></datafield><datafield ind1="0" ind2="0" tag="780"><subfield code="t">Concordia democrat</subfield><subfield code="w">(DLC)sn 83040985</subfield></datafield><datafield ind1="0" ind2="7" tag="785"><subfield code="t">Concordia empire (Concordia, Kan. : 1887)</subfield><subfield code="w">(DLC)sn 83040840</subfield></datafield><datafield ind1="0" ind2="7" tag="785"><subfield code="t">Empire-daylight</subfield><subfield code="w">(DLC)sn 83040843</subfield></datafield></record>